@techreport{ tdk2014,
	title = {Elosztott biztonságkritikus rendszerek modellvezérelt fejlesztése},
	author = {Benedek, Horváth and Raimund-Andreas, Konnerth and Zsolt Mázló},
	institution = {Budapest University of Technology and Economics, Faculty of Electrical Engineering and Informatics Department of Measurement and Information Systems},
	year={2014},
	publisher={BME}
}
